@inproceedings{siepel2006new,
  title={New methods for detecting lineage-specific selection},
  author={Siepel, Adam and Pollard, Katherine S and Haussler, David},
  booktitle={Research in Computational Molecular Biology},
  pages={190--205},
  year={2006},
  organization={Springer}
}

@article{bailey2015meme,
	title={The MEME Suite},
	author={Bailey, Timothy L and Johnson, James and Grant, Charles E and Noble, William S},
	journal={Nucleic acids research},
	pages={gkv416},
	year={2015},
	publisher={Oxford Univ Press}
}

@article{davydov2010identifying,
	title={Identifying a high fraction of the human genome to be under selective constraint using GERP++},
	author={Davydov, Eugene V and Goode, David L and Sirota, Marina and Cooper, Gregory M and Sidow, Arend and Batzoglou, Serafim},
	journal={PLoS Comput Biol},
	volume={6},
	number={12},
	pages={e1001025},
	year={2010}
}